<?xml version="1.0" encoding="UTF-8"?><collection xmlns="http://www.loc.gov/MARC21/slim"><record><leader>00365nam--2200121-i-4500</leader><controlfield tag="001">000010836</controlfield><controlfield tag="002">20161230</controlfield><controlfield tag="005">20161230201029</controlfield><controlfield tag="008">060222s1000------------r-----000-0-eng-d</controlfield><datafield ind1=" " ind2=" " tag="080"><subfield code="a">621.791(07)</subfield></datafield><datafield ind1=" " ind2=" " tag="245"><subfield code="a">Curs de perfectionare in domeniul sudarii. sub coordonarea prof.dr.ing.vl.popovici</subfield></datafield><datafield ind1=" " ind2=" " tag="260"><subfield code="a">Timisoara, Institutul Politehnic Traian Vuia, 1970</subfield></datafield><datafield ind1=" " ind2=" " tag="852"><subfield code="a">38958</subfield></datafield></record></collection>